@article{goerz2014optimal,
  title={Optimal control theory for a unitary operation under dissipative evolution},
  author={Goerz, Michael H and Reich, Daniel M and Koch, Christiane P},
  journal={New Journal of Physics},
  volume={16},
  number={5},
  pages={055012},
  year={2014},
  publisher={IOP Publishing}
}

@article{guenther2021quantum,
      title={Quantum Optimal Control for Pure-State Preparation Using One Initial State}, 
      author={Stefanie Günther and N. Anders Petersson and Jonathan L. DuBois},
      journal={AVS Quantum Science},
      volume = {3},
      pages={043801},
      year={2021},
      eprint={2106.09148},
      archivePrefix={arXiv},
      howpublished = "https://arxiv.org/abs/2106.09148",
}


@misc{guenther2021quandary,
      title={Quandary: An open-source C++ package for high-performance optimal control of open quantum systems},
      author={Stefanie Günther and N. Anders Petersson and Jonathan L. DuBois},
      year={2021},
      archivePrefix={arXiv},
      eprint={2110.10310},
      howpublished = "https://arxiv.org/abs/2110.10310",
}


@article{petersson2021optimal,
  title={Optimal control of closed quantum systems via b-splines with carrier waves},
  author={Petersson, N Anders and Garcia, Fortino},
  journal={arXiv preprint arXiv:2106.14310},
  year={2021}
}