@article{goerz2014optimal,
  title={Optimal control theory for a unitary operation under dissipative evolution},
  author={Goerz, Michael H. and Reich, Daniel M. and Koch, Christiane P.},
  journal={New Journal of Physics},
  volume={16},
  number={5},
  pages={055012},
  year={2014},
  publisher={IOP Publishing}
}

@article{guenther2021quantum,
      title={Quantum Optimal Control for Pure-State Preparation Using One Initial State}, 
      author={Stefanie Günther and N. Anders Petersson and Jonathan L. DuBois},
      journal={AVS Quantum Science},
      volume = {3},
      pages={043801},
      year={2021},
      eprint={2106.09148},
      archivePrefix={arXiv},
      howpublished = "https://arxiv.org/abs/2106.09148",
}


@misc{guenther2021quandary,
      title={Quandary: An open-source C++ package for high-performance optimal control of open quantum systems},
      author={Stefanie Günther and N. Anders Petersson and Jonathan L. DuBois},
      year={2021},
      archivePrefix={arXiv},
      eprint={2110.10310},
      howpublished = "https://arxiv.org/abs/2110.10310",
}

@article{petersson2021optimal,
    author = {Petersson, N. Anders and Garcia, Fortino},
    title = {Optimal Control of Closed Quantum Systems via {B}-Splines with Carrier Waves},
    journal = {SIAM Journal on Scientific Computing},
    volume = {44},
    number = {6},
    pages = {A3592-A3616},
    year = {2022},
    doi = {10.1137/21M1429618}
}


@article{gunther2023practical,
  title={A practical approach to determine minimal quantum gate durations using amplitude-bounded quantum controls},
  author={G{\"u}nther, Stefanie and Petersson, N. Anders},
  journal={AVS Quantum Science},
  volume={5},
  number={4},
  year={2023},
  publisher={AIP Publishing}
}